@article{GAMBIT:2017yxo,
    archivePrefix  =  "arXiv",
    author  =  "Athron, Peter and others",
    collaboration  =  "GAMBIT",
    doi  =  "10.1140/epjc/s10052-017-5321-8",
    eprint  =  "1705.07908",
    journal  =  "Eur. Phys. J. C",
    note  =  "[Addendum: Eur.Phys.J.C 78, 98 (2018)]",
    number  =  "11",
    pages  =  "784",
    primaryClass  =  "hep-ph",
    reportNumber  =  "COEPP-MN-17-6, NORDITA-2017-074, DESY-17-236, CERN-TH-2017-166, CoEPP-MN-17-6, NORDITA 2017-074, gambit-code-2017",
    title  =  "{GAMBIT: The Global and Modular Beyond-the-Standard-Model Inference Tool}",
    volume  =  "77",
    year  =  "2017",
}

@article{Kvellestad:2019vxm,
    archivePrefix  =  "arXiv",
    author  =  "Kvellestad, Anders and Scott, Pat and White, Martin",
    doi  =  "10.1016/j.ppnp.2020.103769",
    eprint  =  "1912.04079",
    month  =  "12",
    primaryClass  =  "hep-ph",
    reportNumber  =  "gambit-physics-2019, gambit-code-2019",
    title  =  "{GAMBIT and its Application in the Search for Physics Beyond the Standard Model}",
    year  =  "2019",
}

@article{Mahmoudi:2007vz,
    archivePrefix  =  "arXiv",
    author  =  "Mahmoudi, F.",
    doi  =  "10.1016/j.cpc.2007.12.006",
    eprint  =  "0710.2067",
    journal  =  "Comput. Phys. Commun.",
    pages  =  "745--754",
    primaryClass  =  "hep-ph",
    title  =  "{SuperIso: A Program for calculating the isospin asymmetry of B ---\ensuremath{>} K* gamma in the MSSM}",
    volume  =  "178",
    year  =  "2008",
}

@article{Mahmoudi:2008tp,
    archivePrefix  =  "arXiv",
    author  =  "Mahmoudi, F.",
    doi  =  "10.1016/j.cpc.2009.02.017",
    eprint  =  "0808.3144",
    journal  =  "Comput. Phys. Commun.",
    pages  =  "1579--1613",
    primaryClass  =  "hep-ph",
    title  =  "{SuperIso v2.3: A Program for calculating flavor physics observables in Supersymmetry}",
    volume  =  "180",
    year  =  "2009",
}

@article{Mahmoudi:2009zz,
    author  =  "Mahmoudi, F.",
    doi  =  "10.1016/j.cpc.2009.05.001",
    journal  =  "Comput. Phys. Commun.",
    pages  =  "1718--1719",
    title  =  "{SuperIso v3.0, flavor physics observables calculations: Extension to NMSSM}",
    volume  =  "180",
    year  =  "2009",
}

@article{GAMBITModelsWorkgroup:2017ilg,
    archivePrefix  =  "arXiv",
    author  =  "Athron, Peter and others",
    collaboration  =  "GAMBIT Models Workgroup",
    doi  =  "10.1140/epjc/s10052-017-5390-8",
    eprint  =  "1705.07936",
    journal  =  "Eur. Phys. J. C",
    number  =  "1",
    pages  =  "22",
    primaryClass  =  "hep-ph",
    reportNumber  =  "COEPP-MN-17-7, CoEPP-MN-17-7, gambit-code, gambit-code-2017",
    title  =  "{SpecBit, DecayBit and PrecisionBit: GAMBIT modules for computing mass spectra, particle decay rates and precision observables}",
    volume  =  "78",
    year  =  "2018",
}

@article{GAMBITFlavourWorkgroup:2017dbx,
    archivePrefix  =  "arXiv",
    author  =  "Bernlochner, Florian U. and others",
    collaboration  =  "GAMBIT Flavour Workgroup",
    doi  =  "10.1140/epjc/s10052-017-5157-2",
    eprint  =  "1705.07933",
    journal  =  "Eur. Phys. J. C",
    number  =  "11",
    pages  =  "786",
    primaryClass  =  "hep-ph",
    reportNumber  =  "NORDITA-2017-077, CERN-TH-2017-167, NORDITA 2017-077, gambit-code-2017",
    title  =  "{FlavBit: A GAMBIT module for computing flavour observables and likelihoods}",
    volume  =  "77",
    year  =  "2017",
}

