%%%%%% General High Energy Physics Citations %%%%%%
@article{PDG:Review2012,
  title = {Review of Particle Physics},
  author = {Beringer, J. and others},
  collaboration = {Particle Data Group},
  journal = prd,
  volume = {86},
  issue = {1},
  pages = {010001},
  numpages = {1528},
  year = {2012},
  month = jul,
  publisher = {American Physical Society},
  doi = {10.1103/PhysRevD.86.010001},
  urlCommentedOut = {http://link.aps.org/doi/10.1103/PhysRevD.86.010001},
  SLACcitation   = {%%CITATION = PHRVA,D86,010001;%%},
}

%%%%%% Implimented LHC Analyses %%%%%%

%%% The ATLAS Collaboration

%@article{Aad:2013ija,
@article{ATLAS:2bStop_20invfb,
  author         = {Aad, Georges and others},
  title          = {Search for direct third-generation squark pair
                    production in final states with missing transverse
                    momentum and two $b$-jets in $\sqrt{s} =$ 8 TeV $pp$
                    collisions with the ATLAS detector},
  collaboration  = {ATLAS},
  journal        = {JHEP},
  volume         = {1310},
  pages          = {189},
  doi            = {10.1007/JHEP10(2013)189},
  year           = {2013},
  eprint         = {1308.2631},
  archivePrefix  = {arXiv},
  primaryClass   = {hep-ex},
  reportNumber   = {CERN-PH-EP-2013-119},
  SLACcitation   = {%%CITATION = ARXIV:1308.2631;%%},
}

%@article{Aad:2014qaa,
@article{ATLAS:2LEPStop_20invfb,
  author         = {Aad, Georges and others},
  title          = {Search for direct top-squark pair production in final
                    states with two leptons in pp collisions at $\sqrt{s} =$
                    8TeV with the ATLAS detector},
  collaboration  = {ATLAS Collaboration},
  journal        = {JHEP},
  volume         = {1406},
  pages          = {124},
  doi            = {10.1007/JHEP06(2014)124},
  year           = {2014},
  eprint         = {1403.4853},
  archivePrefix  = {arXiv},
  primaryClass   = {hep-ex},
  reportNumber   = {CERN-PH-EP-2014-014},
  SLACcitation   = {%%CITATION = ARXIV:1403.4853;%%},
}

%@article{Aad:2014bva,
@article{ATLAS:0LEPStop_20invfb,
  author         = {Aad, Georges and others},
  title          = {Search for direct pair production of the top squark in
                    all-hadronic final states in proton-proton collisions at
                    $\sqrt{s}=8$ TeV with the ATLAS detector},
  collaboration  = {ATLAS Collaboration},
  journal        = {JHEP},
  volume         = {1409},
  pages          = {015},
  doi            = {10.1007/JHEP09(2014)015},
  year           = {2014},
  eprint         = {1406.1122},
  archivePrefix  = {arXiv},
  primaryClass   = {hep-ex},
  reportNumber   = {CERN-PH-EP-2014-112},
  SLACcitation   = {%%CITATION = ARXIV:1406.1122;%%},
}

%@article{Aad:2014nua,
@article{ATLAS:3LEPEW_20invfb,
  author         = {Aad, Georges and others},
  title          = {Search for direct production of charginos and
                    neutralinos in events with three leptons and missing
                    transverse momentum in $\sqrt{s} =$ 8TeV $pp$ collisions
                    with the ATLAS detector},
  collaboration  = {ATLAS Collaboration},
  journal        = {JHEP},
  volume         = {1404},
  pages          = {169},
  doi            = {10.1007/JHEP04(2014)169},
  year           = {2014},
  eprint         = {1402.7029},
  archivePrefix  = {arXiv},
  primaryClass   = {hep-ex},
  reportNumber   = {CERN-PH-EP-2014-019},
  SLACcitation   = {%%CITATION = ARXIV:1402.7029;%%},
}



%%%%%% LEP SUSY Limit Citations %%%%%%

%%% The DELPHI Collaboration

%@article{Abdallah:2003xe,
% >:(  Cross-sections assume tan(beta) and mu values. Then, limits are in mass vs mass plane.
@article{DELPHI:SUSY,
  author         = {Abdallah, J. and others},
  title          = {Searches for supersymmetric particles in e+ e-
                    collisions up to 208-GeV and interpretation of the results
                    within the MSSM},
  collaboration  = {DELPHI Collaboration},
  journal        = {Eur.Phys.J.},
  volume         = {C31},
  pages          = {421-479},
  doi            = {10.1140/epjc/s2003-01355-5},
  year           = {2003},
  eprint         = {hep-ex/0311019},
  archivePrefix  = {arXiv},
  primaryClass   = {hep-ex},
  reportNumber   = {CERN-EP-2003-007},
  SLACcitation   = {%%CITATION = HEP-EX/0311019;%%},
}

%%% The L3 Collaboration

%@article{Acciarri:1999km,
% :(  Gaugino model independent limits, but only as a figure.
%     Some very conservative upper limits mentioned in text.
@article{L3:gauginos,
  author         = {Acciarri, M. and others},
  title          = {Search for charginos and neutralinos in $e^{+} e^{-}$
                    collisions at $\sqrt{S}$ = 189-GeV},
  collaboration  = {L3 Collaboration},
  journal        = {Phys.Lett.},
  volume         = {B472},
  pages          = {420-433},
  doi            = {10.1016/S0370-2693(99)01388-X},
  year           = {2000},
  eprint         = {hep-ex/9910007},
  archivePrefix  = {arXiv},
  primaryClass   = {hep-ex},
  reportNumber   = {CERN-EP-99-127},
  SLACcitation   = {%%CITATION = HEP-EX/9910007;%%},
}

%@article{Acciarri:2000wy,
% :(  Gaugino model independent limits (small DeltaM), but only as a figure.
@article{L3:gauginos_smallDeltaM,
  author         = {Acciarri, M. and others},
  title          = {Search for charginos with a small mass difference with
                    the lightest supersymmetric particle at $\sqrt{S}$ =
                    189-GeV},
  collaboration  = {L3 Collaboration},
  journal        = {Phys.Lett.},
  volume         = {B482},
  pages          = {31-42},
  doi            = {10.1016/S0370-2693(00)00488-3},
  year           = {2000},
  eprint         = {hep-ex/0002043},
  archivePrefix  = {arXiv},
  primaryClass   = {hep-ex},
  reportNumber   = {CERN-EP-2000-018},
  SLACcitation   = {%%CITATION = HEP-EX/0002043;%%},
}

%@article{Achard:2003ge,
% :(  Slepton and squark model independent limits, but only as a figure.
@article{L3:sleptons_squarks,
  author         = {Achard, P. and others},
  title          = {Search for scalar leptons and scalar quarks at LEP},
  collaboration  = {L3 Collaboration},
  journal        = {Phys.Lett.},
  volume         = {B580},
  pages          = {37-49},
  doi            = {10.1016/j.physletb.2003.10.010},
  year           = {2004},
  eprint         = {hep-ex/0310007},
  archivePrefix  = {arXiv},
  primaryClass   = {hep-ex},
  reportNumber   = {CERN-EP-2003-059},
  SLACcitation   = {%%CITATION = HEP-EX/0310007;%%},
}

%%% The ALEPH Collaboration

%@article{Heister:2002mn,
% >:(  Unification assumed. Nugget farmers!!
@article{ALEPH:gauginos,
  author         = {Heister, A. and others},
  title          = {Search for charginos nearly mass degenerate with the
                    lightest neutralino in e+ e- collisions at center-of-mass
                    energies up to 209-GeV},
  collaboration  = {ALEPH Collaboration},
  journal        = {Phys.Lett.},
  volume         = {B533},
  pages          = {223-236},
  doi            = {10.1016/S0370-2693(02)01584-8},
  year           = {2002},
  eprint         = {hep-ex/0203020},
  archivePrefix  = {arXiv},
  primaryClass   = {hep-ex},
  reportNumber   = {CERN-EP-2002-020},
  SLACcitation   = {%%CITATION = HEP-EX/0203020;%%},
}

%@article{Heister:2001nk,
% :(  Sleptons model independent limits, but only as a figure.
@article{ALEPH:sleptons,
  author         = {Heister, A. and others},
  title          = {Search for scalar leptons in e+ e- collisions at
                    center-of-mass energies up to 209-GeV},
  collaboration  = {ALEPH Collaboration},
  journal        = {Phys.Lett.},
  volume         = {B526},
  pages          = {206-220},
  doi            = {10.1016/S0370-2693(01)01494-0},
  year           = {2002},
  eprint         = {hep-ex/0112011},
  archivePrefix  = {arXiv},
  primaryClass   = {hep-ex},
  reportNumber   = {CERN-EP-2001-086},
  SLACcitation   = {%%CITATION = HEP-EX/0112011;%%},
}

%@article{Heister:2002jca,
% >:(  Unification assumed. Nugget farmers!!
@article{ALEPH:sleptonsCMSSM,
  author         = {Heister, A. and others},
  title          = {Absolute lower limits on the masses of selectrons and
                    sneutrinos in the MSSM},
  collaboration  = {ALEPH Collaboration},
  journal        = {Phys.Lett.},
  volume         = {B544},
  pages          = {73-88},
  doi            = {10.1016/S0370-2693(02)02471-1},
  year           = {2002},
  eprint         = {hep-ex/0207056},
  archivePrefix  = {arXiv},
  primaryClass   = {hep-ex},
  reportNumber   = {CERN-EP-2002-055},
  SLACcitation   = {%%CITATION = HEP-EX/0207056;%%},
}

%@article{Heister:2003zk,
% >:(  Unification assumed. Nugget farmers!!
@article{ALEPH:sleptons_gauginos,
  author         = {Heister, A. and others},
  title          = {Absolute mass lower limit for the lightest neutralino of
                    the MSSM from e+ e- data at s**(1/2) up to 209-GeV},
  collaboration  = {ALEPH Collaboration},
  journal        = {Phys.Lett.},
  volume         = {B583},
  pages          = {247-263},
  doi            = {10.1016/j.physletb.2003.12.066},
  year           = {2004},
  reportNumber   = {CERN-EP-2003-077},
  SLACcitation   = {%%CITATION = PHLTA,B583,247;%%},
}

%@article{Heister:2002hp,
% :(  Squark limits in figures.... But maybe L3 and/or OPAL are better??
@article{ALEPH:squarks,
  author         = {Heister, A. and others},
  title          = {Search for scalar quarks in $e^{+} e^{-}$ collisions at
                    $\sqrt{s}$ up to 209-GeV},
  collaboration  = {ALEPH Collaboration},
  journal        = {Phys.Lett.},
  volume         = {B537},
  pages          = {5-20},
  doi            = {10.1016/S0370-2693(02)01827-0},
  year           = {2002},
  eprint         = {hep-ex/0204036},
  archivePrefix  = {arXiv},
  primaryClass   = {hep-ex},
  reportNumber   = {CERN-EP-2002-026},
  SLACcitation   = {%%CITATION = HEP-EX/0204036;%%},
}

%%% The OPAL Collaboration

%@article{Abbiendi:2003sc,
% :(  Limits in figures.
@article{OPAL:gauginos,
  author         = {Abbiendi, G. and others},
  title          = {Search for chargino and neutralino production at
                    s**(1/2) = 192-GeV to 209 GeV at LEP},
  collaboration  = {OPAL Collaboration},
  journal        = {Eur.Phys.J.},
  volume         = {C35},
  pages          = {1-20},
  doi            = {10.1140/epjc/s2004-01758-8},
  year           = {2004},
  eprint         = {hep-ex/0401026},
  archivePrefix  = {arXiv},
  primaryClass   = {hep-ex},
  reportNumber   = {CERN-EP-2003-090},
  SLACcitation   = {%%CITATION = HEP-EX/0401026;%%},
}

%@article{Abbiendi:2003ji,
% :)  Tables!! Useful data in tables!! :)
@article{OPAL:sleptons_gauginos,
  author         = {Abbiendi, G. and others},
  title          = {Search for anomalous production of dilepton events with
                    missing transverse momentum in e+ e- collisions at
                    s**(1/2) = 183-Gev to 209-GeV},
  collaboration  = {OPAL Collaboration},
  journal        = {Eur.Phys.J.},
  volume         = {C32},
  pages          = {453-473},
  doi            = {10.1140/epjc/s2003-01466-y},
  year           = {2004},
  eprint         = {hep-ex/0309014},
  archivePrefix  = {arXiv},
  primaryClass   = {hep-ex},
  reportNumber   = {CERN-EP-2003-040},
  SLACcitation   = {%%CITATION = HEP-EX/0309014;%%},
}

%@article{Abbiendi:2002mp,
% :( Squark limits in figures. Emphasis on small DeltaM scenario.
@article{OPAL:squarks,
  author         = {Abbiendi, G. and others},
  title          = {Search for scalar top and scalar bottom quarks at LEP},
  collaboration  = {OPAL Collaboration},
  journal        = {Phys.Lett.},
  volume         = {B545},
  pages          = {272-284},
  doi            = {10.1016/S0370-2693(02)02593-5},
  year           = {2002},
  eprint         = {hep-ex/0209026},
  archivePrefix  = {arXiv},
  primaryClass   = {hep-ex},
  reportNumber   = {CERN-EP-2002-050},
  SLACcitation   = {%%CITATION = HEP-EX/0209026;%%},
}

%%% Theory papers for SUSY LEP limits

%@article{Allanach:2003jw,
@article{Allanach:massUncertainties,
  author         = {Allanach, B.C. and Kraml, S. and Porod, W.},
  title          = {Theoretical uncertainties in sparticle mass predictions
                     from computational tools},
  journal        = {JHEP},
  volume         = {0303},
  pages          = {016},
  doi            = {10.1088/1126-6708/2003/03/016},
  year           = {2003},
  eprint         = {hep-ph/0302102},
  archivePrefix  = {arXiv},
  primaryClass   = {hep-ph},
  reportNumber   = {CERN-TH-2003-029, LAP-TH-963-03, ZU-TH-03-03},
  SLACcitation   = {%%CITATION = HEP-PH/0302102;%%},
}

@article{Kraml:2013mwa,
      author         = "Kraml, Sabine and Kulkarni, Suchita and Laa, Ursula and
                        Lessa, Andre and Magerl, Wolfgang and
                        Proschofsky-Spindler, Doris and Waltenberger, Wolfgang",
      title          = "{SModelS: a tool for interpreting simplified-model
                        results from the LHC and its application to
                        supersymmetry}",
      journal        = "Eur. Phys. J.",
      volume         = "C74",
      year           = "2014",
      pages          = "2868",
      doi            = "10.1140/epjc/s10052-014-2868-5",
      eprint         = "1312.4175",
      archivePrefix  = "arXiv",
      primaryClass   = "hep-ph",
      SLACcitation   = "%%CITATION = ARXIV:1312.4175;%%"
}

@article{Papucci:2014rja,
      author         = "Papucci, Michele and Sakurai, Kazuki and Weiler, Andreas
                        and Zeune, Lisa",
      title          = "{Fastlim: a fast LHC limit calculator}",
      journal        = "Eur. Phys. J.",
      volume         = "C74",
      year           = "2014",
      number         = "11",
      pages          = "3163",
      doi            = "10.1140/epjc/s10052-014-3163-1",
      eprint         = "1402.0492",
      archivePrefix  = "arXiv",
      primaryClass   = "hep-ph",
      reportNumber   = "CERN-TH-2014-019, DESY-14-010, KCL-PH-TH-2014-04,
                        MCTP-14-03",
      SLACcitation   = "%%CITATION = ARXIV:1402.0492;%%"
}

@article{Drees:2013wra,
      author         = "Drees, Manuel and Dreiner, Herbi and Schmeier, Daniel and
                        Tattersall, Jamie and Kim, Jong Soo",
      title          = "{CheckMATE: Confronting your Favourite New Physics Model
                        with LHC Data}",
      journal        = "Comput. Phys. Commun.",
      volume         = "187",
      year           = "2014",
      pages          = "227-265",
      doi            = "10.1016/j.cpc.2014.10.018",
      eprint         = "1312.2591",
      archivePrefix  = "arXiv",
      primaryClass   = "hep-ph",
      reportNumber   = "ADP-13-29-T849, IFT-UAM-CSIC-13-133,
                        ADP-13-29-T849-IFT-UAM-CSIC-13-133",
      SLACcitation   = "%%CITATION = ARXIV:1312.2591;%%"
}

@article{deFavereau:2013fsa,
      author         = "de Favereau, J. and others",
      title          = "{DELPHES 3, A modular framework for fast simulation of a
                        generic collider experiment}",
      collaboration  = "DELPHES 3",
      journal        = "JHEP",
      volume         = "1402",
      pages          = "057",
      doi            = "10.1007/JHEP02(2014)057",
      year           = "2014",
      eprint         = "1307.6346",
      archivePrefix  = "arXiv",
      primaryClass   = "hep-ex",
      SLACcitation   = "%%CITATION = ARXIV:1307.6346;%%",
}

@article{Ovyn:2009tx,
      author         = "Ovyn, S. and Rouby, X. and Lemaitre, V.",
      title          = "{DELPHES, a framework for fast simulation of a generic
                        collider experiment}",
      year           = "2009",
      eprint         = "0903.2225",
      archivePrefix  = "arXiv",
      primaryClass   = "hep-ph",
      reportNumber   = "CP3-09-01",
      SLACcitation   = "%%CITATION = ARXIV:0903.2225;%%"
}

@article{Bechtle:2008jh,
      author         = "Bechtle, Philip and Brein, Oliver and Heinemeyer, Sven
                        and Weiglein, Georg and Williams, Karina E.",
      title          = "{HiggsBounds: Confronting Arbitrary Higgs Sectors with
                        Exclusion Bounds from LEP and the Tevatron}",
      journal        = "Comput. Phys. Commun.",
      volume         = "181",
      year           = "2010",
      pages          = "138-167",
      doi            = "10.1016/j.cpc.2009.09.003",
      eprint         = "0811.4169",
      archivePrefix  = "arXiv",
      primaryClass   = "hep-ph",
      reportNumber   = "DCPT-08-172, IPPP-08-86, BONN-TH-2008-17",
      SLACcitation   = "%%CITATION = ARXIV:0811.4169;%%"
}

@article{Bechtle:2011sb,
      author         = "Bechtle, Philip and Brein, Oliver and Heinemeyer, Sven
                        and Weiglein, Georg and Williams, Karina E.",
      title          = "{HiggsBounds 2.0.0: Confronting Neutral and Charged Higgs
                        Sector Predictions with Exclusion Bounds from LEP and the
                        Tevatron}",
      journal        = "Comput. Phys. Commun.",
      volume         = "182",
      year           = "2011",
      pages          = "2605-2631",
      doi            = "10.1016/j.cpc.2011.07.015",
      eprint         = "1102.1898",
      archivePrefix  = "arXiv",
      primaryClass   = "hep-ph",
      reportNumber   = "FR-PHENO-2011-002, BONN-TH-2011-02, DESY-11-016",
      SLACcitation   = "%%CITATION = ARXIV:1102.1898;%%"
}

@article{Bechtle:2013wla,
      author         = "Bechtle, Philip and Brein, Oliver and Heinemeyer, Sven
                        and Stål, Oscar and Stefaniak, Tim and Weiglein, Georg
                        and Williams, Karina E.",
      title          = "{$\mathsf{HiggsBounds}-4$: Improved Tests of Extended
                        Higgs Sectors against Exclusion Bounds from LEP, the
                        Tevatron and the LHC}",
      journal        = "Eur. Phys. J.",
      volume         = "C74",
      year           = "2014",
      number         = "3",
      pages          = "2693",
      doi            = "10.1140/epjc/s10052-013-2693-2",
      eprint         = "1311.0055",
      archivePrefix  = "arXiv",
      primaryClass   = "hep-ph",
      reportNumber   = "BONN-TH-2013-21, DESY-13-110",
      SLACcitation   = "%%CITATION = ARXIV:1311.0055;%%"
}

@article{Aad:2012tfa,
      author         = "Aad, Georges and others",
      title          = "{Observation of a new particle in the search for the
                        Standard Model Higgs boson with the ATLAS detector at the
                        LHC}",
      collaboration  = "ATLAS",
      journal        = "Phys. Lett.",
      volume         = "B716",
      year           = "2012",
      pages          = "1-29",
      doi            = "10.1016/j.physletb.2012.08.020",
      eprint         = "1207.7214",
      archivePrefix  = "arXiv",
      primaryClass   = "hep-ex",
      reportNumber   = "CERN-PH-EP-2012-218",
      SLACcitation   = "%%CITATION = ARXIV:1207.7214;%%"
}

@article{Chatrchyan:2012xdj,
      author         = "Chatrchyan, Serguei and others",
      title          = "{Observation of a new boson at a mass of 125 GeV with the
                        CMS experiment at the LHC}",
      collaboration  = "CMS",
      journal        = "Phys. Lett.",
      volume         = "B716",
      year           = "2012",
      pages          = "30-61",
      doi            = "10.1016/j.physletb.2012.08.021",
      eprint         = "1207.7235",
      archivePrefix  = "arXiv",
      primaryClass   = "hep-ex",
      reportNumber   = "CMS-HIG-12-028, CERN-PH-EP-2012-220",
      SLACcitation   = "%%CITATION = ARXIV:1207.7235;%%"
}
