@techreport{ATLAS-CONF-2019-040,
      title         = "{Search for squarks and gluinos in final states with jets
                       and missing transverse momentum using 139 fb$^{-1}$ of
                       $\sqrt{s}$ =13 TeV $pp$ collision data with the ATLAS
                       detector}",
      institution   = "CERN",
      collaboration = "ATLAS Collaboration",
      address       = "Geneva",
      number        = "ATLAS-CONF-2019-040",
      month         = "Aug",
      year          = "2019",
      reportNumber  = "ATLAS-CONF-2019-040",
      url           = "http://cds.cern.ch/record/2686254",
}

@article{Araz:2020lnp,
    author = "Araz, Jack Y. and Fuks, Benjamin and Polykratis, Georgios",
    title = "{Simplified fast detector simulation in MadAnalysis 5}",
    eprint = "2006.09387",
    archivePrefix = "arXiv",
    primaryClass = "hep-ph",
    month = "6",
    year = "2020"
}

@article{Ambrogi,
      key            = "1765842",
      author         = "Ambrogi, Federico",
      title          = "{MadAnalysis 5 recast of ATLAS-CONF-2019-040}",
      doi            = "10.7484/INSPIREHEP.DATA.45EF.23SB",
      year           = "2019",
      url            = "http://madanalysis.irmp.ucl.ac.be/raw-attachment/wiki/PublicAnalysisDatabase/atlas_conf_2014_040_validation.pdf",
      SLACcitation   = "%%CITATION = INSPIRE-1765842;%%"
}
